% This file was created with JabRef 2.9.2.
% Encoding: UTF-8

@ARTICLE{correia2015spatio,
  author = {Correia, Carlos M and Jackson, Kate and Veran, Jean-Pierre and Andersen,
	David and Lardiere, Olivier and Bradley, Colin},
  title = {Spatio-angular Minimum-variance Tomographic Controller for Multi-Object
	Adaptive Optics systems},
  journal = {arXiv preprint arXiv:1504.07777},
  year = {2015}
}

@ARTICLE{van2006wm,
  author = {van Dam, Marcos A and Bouchez, Antonin H and Le Mignant, David and
	Johansson, Erik M and Wizinowich, Peter L and Campbell, Randy D and
	Chin, Jason CY and Hartman, Scott K and Lafon, Robert E and Stomski
	Jr, Paul J and others},
  title = {The WM Keck Observatory laser guide star adaptive optics system:
	performance characterization},
  journal = {Publications of the Astronomical Society of the Pacific},
  year = {2006},
  volume = {118},
  pages = {310--318},
  number = {840},
  publisher = {JSTOR}
}

@INPROCEEDINGS{ellerbroek2002wave,
  author = {Ellerbroek, Brent L and Cochran, Gregory},
  title = {Wave optics propagation code for multiconjugate adaptive optics},
  booktitle = {International Symposium on Optical Science and Technology},
  year = {2002},
  pages = {104--120},
  organization = {International Society for Optics and Photonics}
}

@ARTICLE{ellerbroek2001methods,
  author = {Ellerbroek, Brent L and Rigaut, Fran{\c{c}}ois},
  title = {Methods for correcting tilt anisoplanatism in laser-guide-star-based
	multiconjugate adaptive optics},
  journal = {JOSA A},
  year = {2001},
  volume = {18},
  pages = {2539--2547},
  number = {10},
  publisher = {Optical Society of America}
}

@ARTICLE{flicker2003tilt,
  author = {Flicker, R.C. and Rigaut, F.J. and Ellerbroek, B.L.},
  title = {Tilt anisoplanatism in laser-guide-star-based multiconjugate adaptive
	optics-Reconstruction of the long exposure point spread function
	from control loop data},
  journal = {Astronomy \& Astrophysics},
  year = {2003},
  volume = {400},
  pages = {1199--1207},
  number = {3}
}

@ARTICLE{gilles2008split,
  author = {Gilles, Luc and Ellerbroek, Brent L},
  title = {Split atmospheric tomography using laser and natural guide stars},
  journal = {JOSA A},
  year = {2008},
  volume = {25},
  pages = {2427--2435},
  number = {10},
  publisher = {Optical Society of America}
}

@ARTICLE{rigaut1992laser,
  author = {Rigaut, Fran{\c{c}}ois and Gendron, E},
  title = {Laser guide star in adaptive optics-The tilt determination problem},
  journal = {Astronomy and Astrophysics},
  year = {1992},
  volume = {261},
  pages = {677--684}
}

